<record><leader>01771cam a2200469 i 4500</leader><controlfield tag="001">6740757</controlfield><controlfield tag="003">OCoLC</controlfield><controlfield tag="005">20141105144052.0</controlfield><controlfield tag="008">130923s2015    cau      b    001 0 eng  </controlfield><datafield ind1=" " ind2=" " tag="010"><subfield code="a">  2013038715</subfield></datafield><datafield ind1="7" ind2=" " tag="016"><subfield code="a">016650150</subfield><subfield code="2">Uk</subfield></datafield><datafield ind1="7" ind2=" " tag="016"><subfield code="a">101632135</subfield><subfield code="2">DNLM</subfield></datafield><datafield ind1=" " ind2=" " tag="020"><subfield code="a">9781483344614 (acid-free paper)</subfield></datafield><datafield ind1=" " ind2=" " tag="020"><subfield code="a">1483344614 (acid-free paper)</subfield></datafield><datafield ind1=" " ind2=" " tag="035"><subfield code="a">ocn858975642</subfield></datafield><datafield ind1=" " ind2=" " tag="040"><subfield code="a">DLC</subfield><subfield code="b">eng</subfield><subfield code="e">rda</subfield><subfield code="c">DLC</subfield><subfield code="d">YDX</subfield><subfield code="d">BTA</subfield><subfield code="d">YDXCP</subfield><subfield code="d">CDX</subfield><subfield code="d">UKMGB</subfield><subfield code="d">NLM</subfield><subfield code="d">OCLCF</subfield><subfield code="d">UAB</subfield></datafield><datafield ind1=" " ind2=" " tag="042"><subfield code="a">pcc</subfield></datafield><datafield ind1="0" ind2="0" tag="050"><subfield code="a">RC437.2</subfield><subfield code="b">.K63 2015</subfield></datafield><datafield ind1="0" ind2="0" tag="060"><subfield code="a">2014 F-399</subfield></datafield><datafield ind1="1" ind2="0" tag="060"><subfield code="a">WM 420</subfield></datafield><datafield ind1="0" ind2="0" tag="082"><subfield code="a">616.89</subfield><subfield code="2">23</subfield></datafield><datafield ind1=" " ind2=" " tag="090"><subfield code="a">RC 437.2 K63 2015</subfield><subfield code="b">AEU</subfield></datafield><datafield ind1=" " ind2=" " tag="090"><subfield code="a">RC437.2 .K63 2015</subfield><subfield code="b">AEGMCT</subfield></datafield><datafield ind1="1" ind2=" " tag="100"><subfield code="a">Knapp, Herschel,</subfield><subfield code="e">author.</subfield></datafield><datafield ind1="1" ind2="0" tag="245"><subfield code="a">Therapeutic communication :</subfield><subfield code="b">developing professional skills /</subfield><subfield code="c">Herschel Knapp, University of Southern California.</subfield></datafield><datafield ind1=" " ind2=" " tag="250"><subfield code="a">Second edition.</subfield></datafield><datafield ind1=" " ind2="1" tag="264"><subfield code="a">Thousand Oaks, CA :</subfield><subfield code="b">SAGE Publications,</subfield><subfield code="c">[2015]</subfield></datafield><datafield ind1=" " ind2=" " tag="300"><subfield code="a">xviii, 298 pages ;</subfield><subfield code="c">23 cm</subfield></datafield><datafield ind1=" " ind2=" " tag="336"><subfield code="a">text</subfield><subfield code="2">rdacontent</subfield></datafield><datafield ind1=" " ind2=" " tag="337"><subfield code="a">unmediated</subfield><subfield code="2">rdamedia</subfield></datafield><datafield ind1=" " ind2=" " tag="338"><subfield code="a">volume</subfield><subfield code="2">rdacarrier</subfield></datafield><datafield ind1=" " ind2=" " tag="504"><subfield code="a">Includes bibliographical references (pages 279-284) and index.</subfield></datafield><datafield ind1=" " ind2=" " tag="596"><subfield code="a">29 42</subfield></datafield><datafield ind1=" " ind2="0" tag="650"><subfield code="a">Communication in psychiatry.</subfield></datafield><datafield ind1="1" ind2="2" tag="650"><subfield code="a">Psychotherapy</subfield><subfield code="x">methods.</subfield></datafield><datafield ind1="2" ind2="2" tag="650"><subfield code="a">Health Communication.</subfield></datafield><datafield ind1="2" ind2="2" tag="650"><subfield code="a">Physician-Patient Relations.</subfield></datafield><datafield ind1=" " ind2=" " tag="949"><subfield code="a">RC 437.2 K63 2015</subfield><subfield code="c">1</subfield><subfield code="h">UAHL-B</subfield><subfield code="i">0162035187853</subfield></datafield><datafield ind1=" " ind2=" " tag="947"><subfield code="b">DCST</subfield><subfield code="f">DCST</subfield><subfield code="h">GMCT-OS-B</subfield><subfield code="n">4520a05  </subfield><subfield code="p">44.88</subfield><subfield code="q">1</subfield><subfield code="z">9781483344614</subfield></datafield><datafield ind1=" " ind2=" " tag="999"><subfield code="h">GMCT-OS-B</subfield></datafield><datafield ind1=" " ind2=" " tag="926"><subfield code="a">RC 437.2 K63 2015</subfield><subfield code="w">LC</subfield><subfield code="c">1</subfield><subfield code="i">0162035187853</subfield><subfield code="d">1/6/2017</subfield><subfield code="e">1/6/2017</subfield><subfield code="k">CHECKEDOUT</subfield><subfield code="l">ON_SHELF</subfield><subfield code="m">UAHLTHSC</subfield><subfield code="n">2</subfield><subfield code="p">$150.00</subfield><subfield code="r">M</subfield><subfield code="s">Y</subfield><subfield code="t">BOOK</subfield><subfield code="u">11/21/2014</subfield></datafield><datafield ind1=" " ind2=" " tag="926"><subfield code="a">RC437.2 .K63 2015</subfield><subfield code="w">LC</subfield><subfield code="c">1</subfield><subfield code="i">1007402595</subfield><subfield code="d">1/29/2016</subfield><subfield code="e">1/8/2016</subfield><subfield code="l">ON_SHELF</subfield><subfield code="m">GR_MACEWAN</subfield><subfield code="n">1</subfield><subfield code="p">$59.10</subfield><subfield code="r">Y</subfield><subfield code="s">Y</subfield><subfield code="t">BOOK</subfield><subfield code="u">3/16/2015</subfield></datafield></record>